<record><leader>00000cas a22000007a 4500</leader><controlfield tag="001">16118301</controlfield><controlfield tag="008">870701d19801999inuwr ne      0    0eng d</controlfield><datafield ind1=" " ind2=" " tag="010"><subfield code="a">sn 87056139 </subfield></datafield><datafield ind1=" " ind2=" " tag="040"><subfield code="a">NPI</subfield><subfield code="b">eng</subfield><subfield code="c">NPI</subfield><subfield code="d">OCLCF</subfield><subfield code="d">OCLCO</subfield></datafield><datafield ind1="1" ind2=" " tag="029"><subfield code="a">AU@</subfield><subfield code="b">000020489052</subfield></datafield><datafield ind1=" " ind2=" " tag="042"><subfield code="a">msc</subfield></datafield><datafield ind1="0" ind2="0" tag="245"><subfield code="a">Indy east news.</subfield></datafield><datafield ind1=" " ind2=" " tag="260"><subfield code="a">Indianapolis, IN :</subfield><subfield code="b">Harry H. Smith,</subfield><subfield code="c">1980-1999.</subfield></datafield><datafield ind1=" " ind2=" " tag="300"><subfield code="a">19 v. :</subfield><subfield code="b">ill.</subfield></datafield><datafield ind1=" " ind2=" " tag="310"><subfield code="a">Weekly</subfield></datafield><datafield ind1="0" ind2=" " tag="362"><subfield code="a">Vol. 6, no. 43 (Oct. 22, 1980)-v. 24, no. 52 (Dec. 29, 1999).</subfield></datafield><datafield ind1=" " ind2=" " tag="500"><subfield code="a">Published in Greenfield, Ind., &lt;June 17, 1987&gt;-Dec. 29, 1999.</subfield></datafield><datafield ind1=" " ind2=" " tag="500"><subfield code="a">"Covering ... Warren Township, Warren Park, Cumberland &amp; Irvington."</subfield></datafield><datafield ind1=" " ind2="0" tag="651"><subfield code="a">Warren (Marion County, Ind. : Township)</subfield><subfield code="v">Newspapers.</subfield></datafield><datafield ind1=" " ind2="0" tag="651"><subfield code="a">Irvington (Indianapolis, Ind.)</subfield><subfield code="v">Newspapers.</subfield></datafield><datafield ind1=" " ind2="0" tag="651"><subfield code="a">Cumberland (Ind.)</subfield><subfield code="v">Newspapers.</subfield></datafield><datafield ind1=" " ind2="0" tag="651"><subfield code="a">Indianapolis (Ind.)</subfield><subfield code="v">Newspapers.</subfield></datafield><datafield ind1=" " ind2="7" tag="655"><subfield code="a">Newspapers.</subfield><subfield code="2">fast</subfield><subfield code="0">(OCoLC)fst01423814</subfield></datafield><datafield ind1=" " ind2="7" tag="651"><subfield code="a">Indiana</subfield><subfield code="z">Cumberland.</subfield><subfield code="2">fast</subfield><subfield code="0">(OCoLC)fst01248912</subfield></datafield><datafield ind1=" " ind2="7" tag="651"><subfield code="a">Indiana</subfield><subfield code="z">Indianapolis.</subfield><subfield code="2">fast</subfield><subfield code="0">(OCoLC)fst01205182</subfield></datafield><datafield ind1=" " ind2="7" tag="651"><subfield code="a">Indiana</subfield><subfield code="z">Indianapolis</subfield><subfield code="z">Irvington.</subfield><subfield code="2">fast</subfield><subfield code="0">(OCoLC)fst01317842</subfield></datafield><datafield ind1=" " ind2="7" tag="651"><subfield code="a">Indiana</subfield><subfield code="z">Warren (Marion County : Township)</subfield><subfield code="2">fast</subfield><subfield code="0">(OCoLC)fst01335182</subfield></datafield><datafield ind1=" " ind2=" " tag="752"><subfield code="a">United States</subfield><subfield code="b">Indiana</subfield><subfield code="c">Marion</subfield><subfield code="d">Indianapolis.</subfield></datafield><datafield ind1="0" ind2="0" tag="780"><subfield code="t">Indy east</subfield><subfield code="w">(DLC)sn 87056138</subfield></datafield><datafield ind1="0" ind2="0" tag="785"><subfield code="t">Warren Township image</subfield><subfield code="w">(DLC)sn 00065007</subfield></datafield></record>